<?xml version="1.0" encoding="UTF-8"?><collection xmlns="http://www.loc.gov/MARC21/slim"><record><leader>00380nam--2200121-i-4500</leader><controlfield tag="001">000036902</controlfield><controlfield tag="002">20161230</controlfield><controlfield tag="005">20161230201041</controlfield><controlfield tag="008">060222s1000------------r-----000-0-eng-d</controlfield><datafield ind1=" " ind2=" " tag="100"><subfield code="a">Popovici, Andrei</subfield></datafield><datafield ind1=" " ind2=" " tag="245"><subfield code="a">La physique d`action. une nouvelle physique unitaire. these de doctorat es sciences mathematiques</subfield></datafield><datafield ind1=" " ind2=" " tag="260"><subfield code="a">Iassy, Inst.Polytechnique De Jassy, 1948. 143p</subfield></datafield><datafield ind1=" " ind2=" " tag="852"><subfield code="a">6520</subfield></datafield></record></collection>